<?xml version="1.0" encoding="UTF-8"?><record xmlns="http://www.loc.gov/MARC21/slim" xmlns:cinclude="http://apache.org/cocoon/include/1.0" xmlns:zs="http://www.loc.gov/zing/srw/">
  <leader>00374nz  a2200121n  4500</leader>
  <controlfield tag="001">n  89624930 </controlfield>
  <controlfield tag="003">DLC</controlfield>
  <controlfield tag="005">19890424120708.3</controlfield>
  <controlfield tag="008">890424n| acannaab|          |n aad |||  </controlfield>
  <datafield tag="010" ind1=" " ind2=" ">
    <subfield code="a">n  89624930 </subfield>
  </datafield>
  <datafield tag="040" ind1=" " ind2=" ">
    <subfield code="a">DLC</subfield>
    <subfield code="c">DLC</subfield>
  </datafield>
  <datafield tag="100" ind1="1" ind2="0">
    <subfield code="a">Santing, G.</subfield>
  </datafield>
  <datafield tag="670" ind1=" " ind2=" ">
    <subfield code="a">nuc89-45465: The Hydrological investigation programme in Salland ... 1974</subfield>
    <subfield code="b">(hdg. on NIC rept.: Santing, G.; usage: G. Santing)</subfield>
  </datafield>
</record>